%% This BibTeX bibliography file was created using BibDesk.
%% https://bibdesk.sourceforge.io/

%% Created for Samuel Hunt at 2021-04-20 13:46:42 +0100 


%% Saved with string encoding Unicode (UTF-8) 



@webpage{igmeweb,
	Author = {Hunt, Samuel},
	Date-Added = {2021-03-04 20:57:57 +0000},
	Date-Modified = {2021-03-04 20:58:29 +0000},
	Note = {Last Accessed: 01/03/2021},
	Title = {IGME the Interactive Generative Music Environment},
	Url = {http://samhunt.panel.uwe.ac.uk/TEHome.html},
	Year = {2021},
	Bdsk-Url-1 = {http://samhunt.panel.uwe.ac.uk/TEHome.html}}

@inproceedings{hunt2020v,
	Address = {Stockholm, Sweden},
	Author = {Hunt, Samuel},
	Booktitle = {Proceedings of the 2020 Joint Conference on AI Music Creativity},
	Date-Added = {2021-01-15 10:22:10 +0000},
	Date-Modified = {2021-01-15 10:23:51 +0000},
	Editor = {Strum, Bob},
	Month = {19-23 October},
	Organization = {Royal Institute of Technology (KTH)},
	Publisher = {Royal Institute of Technology (KTH)},
	Title = {An analysis of repetition in video game music.},
	Year = {2020}}

@inproceedings{hunt2020nime,
	Address = {Royal Birmingham Conservatoire, UK},
	Author = {Hunt, Samuel and Mitchell, Tom and Nash, Chris},
	Booktitle = {NIME 2020},
	Date-Added = {2020-08-01 14:38:31 +0000},
	Date-Modified = {2020-11-20 11:23:42 +0000},
	Editor = {Michon, Romain and Schroeder, Franziska},
	Month = {21-25 July},
	Organization = {NIME},
	Pages = {61--66},
	Publisher = {Birmingham City University},
	Title = {Composing computer generated music, an observational study using IGME the Interactive Generative Music Environment},
	Year = {2020}}

@inproceedings{hunt2018cognitive,
	Address = {Montreal, Canada},
	Author = {Hunt, Samuel and Mitchell, Tom and Nash, Chris},
	Booktitle = {Proceedings of the International Conference on Technologies for Music Notation and Representation -- TENOR'18},
	Date-Added = {2020-08-01 14:37:33 +0000},
	Date-Modified = {2020-11-20 10:54:35 +0000},
	Editor = {Sandeep Bhagwati and Jean Bresson},
	Month = {24-26 May},
	Pages = {119--127},
	Publisher = {Concordia University},
	Title = {A cognitive dimensions approach for the design of an interactive generative score editor},
	Year = {2018}}

@inproceedings{hunt2019inmusic,
	Address = {London, Uk},
	Author = {Hunt, Samuel and Mitchell, Tom and Nash, Chris},
	Booktitle = {Innovation In Music 2019},
	Date-Added = {2020-01-15 10:44:21 +0000},
	Date-Modified = {2020-11-20 11:30:48 +0000},
	Editor = {Paterson, Justin},
	Month = {5-7 December},
	Organization = {University of West London},
	Publisher = {University of West London},
	Title = {Automating algorithmic representations of musical structure using IGME: The Interactive Generative Music Environment},
	Year = {2019}}

@inproceedings{hunt2017b,
	Address = {Milton Keynes, Uk},
	Author = {Hunt, Samuel and Nash, Chris and Mitchell, Tom},
	Booktitle = {2nd Conference on Computer Simulation of Musical Creativity},
	Date-Added = {2017-12-12 13:35:10 +0000},
	Date-Modified = {2020-11-20 13:33:08 +0000},
	Editor = {Laney, Robin},
	Month = {11-13 September},
	Publisher = {Open University},
	Title = {Thoughts on Interactive Generative Music Composition},
	Year = {2017}}

@inproceedings{hunt2017a,
	Address = {A Coru{\~n}a, Spain},
	Author = {Hunt, Samuel and Nash, Chris and Mitchell, Tom},
	Booktitle = {Third International Conference on Technologies for Music Notation and Representation},
	Date-Added = {2017-12-12 13:31:38 +0000},
	Date-Modified = {2020-11-20 12:07:46 +0000},
	Editor = {Lopez, Helena, Palma and Solomon, Mike and Tucci, Emiliana and Lage, Carmen},
	Month = {25-26 May},
	Pages = {69--78},
	Publisher = {Universidade A Coru{\~n}a},
	Title = {How can music visualization techniques reveal different perspectives on musical structure},
	Year = {2017}}
